<record><leader>00000cas a2200000 a 4500</leader><controlfield tag="001">9258047</controlfield><controlfield tag="008">830225d18411843meucr ne      0    0eng  </controlfield><datafield ind1=" " ind2=" " tag="010"><subfield code="a">sn 83009661 </subfield></datafield><datafield ind1=" " ind2=" " tag="040"><subfield code="a">DLC</subfield><subfield code="b">eng</subfield><subfield code="c">DLC</subfield><subfield code="d">NPX</subfield><subfield code="d">NPY</subfield><subfield code="d">DLC</subfield><subfield code="d">MBN</subfield><subfield code="d">DLC</subfield><subfield code="d">OCLCQ</subfield><subfield code="d">OCLCO</subfield><subfield code="d">OCLCF</subfield></datafield><datafield ind1="1" ind2=" " tag="029"><subfield code="a">AU@</subfield><subfield code="b">000025820508</subfield></datafield><datafield ind1=" " ind2=" " tag="042"><subfield code="a">pcc</subfield></datafield><datafield ind1=" " ind2=" " tag="043"><subfield code="a">n-us-me</subfield></datafield><datafield ind1="0" ind2="0" tag="050"><subfield code="a">Newspaper</subfield></datafield><datafield ind1="0" ind2=" " tag="130"><subfield code="a">Portland advertiser (Portland, Me. : 1841 : Semiweekly)</subfield></datafield><datafield ind1="1" ind2="0" tag="245"><subfield code="a">Portland advertiser.</subfield></datafield><datafield ind1=" " ind2=" " tag="260"><subfield code="a">Portland, Me. :</subfield><subfield code="b">A.F. Gerrish,</subfield><subfield code="c">1841-1843.</subfield></datafield><datafield ind1=" " ind2=" " tag="300"><subfield code="a">3 v. :</subfield><subfield code="b">ill. (chiefly advertisements) ;</subfield><subfield code="c">64 cm.</subfield></datafield><datafield ind1=" " ind2=" " tag="310"><subfield code="a">Semiweekly</subfield></datafield><datafield ind1="0" ind2=" " tag="362"><subfield code="a">Vol. 18, no. 9 (Jan. 29, 1841)-v. 19, no. 62 (June 27, 1843).</subfield></datafield><datafield ind1=" " ind2=" " tag="530"><subfield code="a">Also issued on microfilm from the Library of Congress, Photoduplication Service.</subfield></datafield><datafield ind1=" " ind2=" " tag="580"><subfield code="a">Daily eds.: Portland evening advertiser (Portland, Me. : 1839); Portland daily advertiser (Portland, Me. : 1842). Weekly ed.: Portland advertiser (Portland, Me. : 1841 : Weekly).</subfield></datafield><datafield ind1=" " ind2="0" tag="651"><subfield code="a">Portland (Me.)</subfield><subfield code="v">Newspapers.</subfield></datafield><datafield ind1=" " ind2="7" tag="655"><subfield code="a">Newspapers.</subfield><subfield code="2">fast</subfield><subfield code="0">(OCoLC)fst01423814</subfield></datafield><datafield ind1=" " ind2="7" tag="651"><subfield code="a">Maine</subfield><subfield code="z">Portland.</subfield><subfield code="2">fast</subfield><subfield code="0">(OCoLC)fst01213254</subfield></datafield><datafield ind1=" " ind2=" " tag="752"><subfield code="a">United States</subfield><subfield code="b">Maine</subfield><subfield code="c">Cumberland</subfield><subfield code="d">Portland.</subfield></datafield><datafield ind1="1" ind2=" " tag="775"><subfield code="t">Portland evening advertiser (Portland, Me. : 1839)</subfield><subfield code="w">(DLC)sn 83009659</subfield></datafield><datafield ind1="1" ind2=" " tag="775"><subfield code="t">Portland daily advertiser (Portland, Me. : 1842)</subfield><subfield code="w">(DLC)sn 83009660</subfield></datafield><datafield ind1="1" ind2=" " tag="775"><subfield code="t">Portland advertiser (Portland, Me. : 1841 : Weekly)</subfield><subfield code="w">(DLC)sn 83009674</subfield></datafield><datafield ind1="0" ind2="0" tag="780"><subfield code="t">Portland advertiser and gazette of Maine (Portland, Me. : Semiweekly)</subfield><subfield code="w">(DLC)sn 83009662</subfield></datafield><datafield ind1="0" ind2="0" tag="785"><subfield code="t">Portland advertiser (Portland, Me. : Triweekly)</subfield><subfield code="w">(DLC)sn 83021466</subfield></datafield></record>